%% This BibTeX bibliography file was created using BibDesk.
%% http://bibdesk.sourceforge.net/


%% Created for Kendrick Wiersma at 2011-05-14 14:45:57 -0400 


%% Saved with string encoding Unicode (UTF-8) 



@misc{Cost_Kilowatt,
	Author = {Project America},
	Date-Added = {2011-05-14 14:15:13 -0400},
	Date-Modified = {2011-05-14 14:16:27 -0400},
	Howpublished = {Electronic},
	Title = {Average Retail Cost of Energy per Kilowatt},
	Url = {http://www.project.org/info.php?recordID=247}}

@misc{USEIA,
	Author = {MIT},
	Date-Added = {2011-05-14 14:11:06 -0400},
	Date-Modified = {2011-05-14 14:15:03 -0400},
	Howpublished = {Electronic},
	Title = {EECSenergy Overview: Trends and Motivation},
	Url = {http://www.eecs.mit.edu/eecsenergy/},
	Year = {2009}}

@misc{nateClock,
	Author = {ABRACON},
	Date-Added = {2011-05-12 19:28:26 -0400},
	Date-Modified = {2011-05-12 19:29:38 -0400},
	Howpublished = {Datasheet},
	Month = {August},
	Title = {HC/49US (AT49) 3rd Lead Case-Grounded SMD Low Profile Crystal},
	Year = {2010}}

@misc{CT_nate,
	Author = {CR Magnetics},
	Date-Added = {2011-05-12 19:25:23 -0400},
	Date-Modified = {2011-05-12 19:26:11 -0400},
	Howpublished = {Datasheet},
	Title = {High Ratio Vertical PCB Mount Current Transformer}}

@webpage{instructables,
	Date-Added = {2011-05-12 18:56:33 -0400},
	Date-Modified = {2011-05-14 14:44:08 -0400},
	Lastchecked = {12 May 2011},
	Title = {Instructable Eagle Part Development},
	Url = {www.instructables.com},
	Bdsk-Url-1 = {www.instructables.com}}

@article{CST1020,
	Author = {Triad Magnetics},
	Date-Added = {2011-05-12 18:54:09 -0400},
	Date-Modified = {2011-05-12 18:55:02 -0400},
	Title = {CST-1020 Current Transformer},
	Year = {2010}}

@webpage{LM25011,
	Date-Added = {2011-04-10 21:43:17 -0400},
	Date-Modified = {2011-04-10 21:43:39 -0400},
	Lastchecked = {10 April 2011},
	Month = {April},
	Url = {http://www.national.com/pf/LM/LM25011.html#Overview},
	Year = {2011},
	Bdsk-Url-1 = {http://www.national.com/pf/LM/LM25011.html#Overview}}

@webpage{SMPSD,
	Date-Added = {2011-04-10 21:38:41 -0400},
	Date-Modified = {2011-04-10 21:39:09 -0400},
	Lastchecked = {10 April 2011},
	Month = {April},
	Url = {http://schmidt-walter.eit.h-da.de/smps_e/smps_e.html},
	Year = {2011},
	Bdsk-Url-1 = {http://schmidt-walter.eit.h-da.de/smps_e/smps_e.html}}

@webpage{WEBENCH,
	Date-Added = {2011-04-10 21:34:27 -0400},
	Date-Modified = {2011-04-10 21:35:23 -0400},
	Lastchecked = {10 April 2011},
	Month = {April},
	Url = {http://www.national.com/analog/webench/power},
	Year = {2011},
	Bdsk-Url-1 = {http://www.national.com/analog/webench/power}}

@article{MSP-TS430PZ100A_users_guide,
	Author = {Texas Instruments},
	Date-Added = {2011-04-09 20:48:51 -0400},
	Date-Modified = {2011-04-09 20:50:13 -0400},
	Title = {slac316a}}

@url{SoftBaugh,
	Date-Added = {2011-04-09 20:43:35 -0400},
	Date-Modified = {2011-05-14 14:43:33 -0400},
	Lastchecked = {9 April 2011},
	Month = {April},
	Title = {SoftBaugh SBLCD4},
	Url = {http://www.softbaugh.com/ProductPage.cfm?strPartNo=SBLCDA4},
	Year = {2011},
	Bdsk-Url-1 = {http://www.softbaugh.com/ProductPage.cfm?strPartNo=SBLCDA4}}

@webpage{Synchro,
	Date-Added = {2011-04-09 20:36:54 -0400},
	Date-Modified = {2011-05-14 14:45:57 -0400},
	Lastchecked = {9 April 2011},
	Month = {April},
	Title = {SynchroSystems},
	Url = {www.synchros.com},
	Year = {2011},
	Bdsk-Url-1 = {www.synchros.com}}

@article{PICA_PPFS,
	Author = {Amy Ball and Avery Sterk and Kendrick Wiersma and Nate Jen},
	Date-Added = {2011-04-09 20:35:33 -0400},
	Date-Modified = {2011-05-14 14:42:48 -0400},
	Month = {December},
	School = {Calvin College},
	Title = {Team 01: Team PICA Project Proposal and Feasability Study},
	Url = {http://ujoint.calvin.edu/academic/engr/2010-11-team1/documents/T01_Team_PICA_PPFS_B.pdf},
	Year = {2010}}

@article{slau056j,
	Author = {Texas Instruments},
	Month = {January},
	Title = {MSP430x4xx Family User's Guide},
	Year = {2011}}

@article{slas626c,
	Author = {Texas Instruments},
	Date-Added = {2011-04-09 20:31:30 -0400},
	Date-Modified = {2011-04-09 20:34:17 -0400},
	Month = {March},
	Title = {MSP430F471x3, MSP430F471x6, MSP430F471x7 Mixed Signal Microcontroller},
	Year = {2011},
	Bdsk-File-1 = {YnBsaXN0MDDUAQIDBAUIJidUJHRvcFgkb2JqZWN0c1gkdmVyc2lvblkkYXJjaGl2ZXLRBgdUcm9vdIABqAkKFRYXGyIjVSRudWxs0wsMDQ4RFFpOUy5vYmplY3RzV05TLmtleXNWJGNsYXNzog8QgASABqISE4ACgAOAB1lhbGlhc0RhdGFccmVsYXRpdmVQYXRo0hgNGRpXTlMuZGF0YU8RAfAAAAAAAfAAAgAADE1hY2ludG9zaCBIRAAAAAAAAAAAAAAAAAAAAMaD42RIKwAAAJzo1AxzbGFzNjI2Yy5wZGYAAAAAAAAAAAAAAAAAAAAAAAAAAAAAAAAAAAAAAAAAAAAAAAAAAAAAAAAAAAAAAAAAAAAAmiehycXcDAAAAAAAAAAAAAMABAAACSAAAAAAAAAAAAAAAAAAAAAUTVNQNDMwIERvY3VtZW50YXRpb24AEAAIAADGhBukAAAAEQAIAADJxhRMAAAAAQAUAJzo1ACc6XAAAtRkAALUTwAAfHMAAgBlTWFjaW50b3NoIEhEOlVzZXJzOmtlbmRyaWNrd2llcnNtYTpEZXNrdG9wOlNlbmlvciBEZXNpZ24gRGF0YXNoZWV0czpNU1A0MzAgRG9jdW1lbnRhdGlvbjpzbGFzNjI2Yy5wZGYAAA4AGgAMAHMAbABhAHMANgAyADYAYwAuAHAAZABmAA8AGgAMAE0AYQBjAGkAbgB0AG8AcwBoACAASABEABIAWFVzZXJzL2tlbmRyaWNrd2llcnNtYS9EZXNrdG9wL1NlbmlvciBEZXNpZ24gRGF0YXNoZWV0cy9NU1A0MzAgRG9jdW1lbnRhdGlvbi9zbGFzNjI2Yy5wZGYAEwABLwAAFQACABb//wAAgAXSHB0eH1gkY2xhc3Nlc1okY2xhc3NuYW1lox8gIV1OU011dGFibGVEYXRhVk5TRGF0YVhOU09iamVjdF8QSy4uLy4uLy4uL0Rlc2t0b3AvU2VuaW9yIERlc2lnbiBEYXRhc2hlZXRzL01TUDQzMCBEb2N1bWVudGF0aW9uL3NsYXM2MjZjLnBkZtIcHSQloiUhXE5TRGljdGlvbmFyeRIAAYagXxAPTlNLZXllZEFyY2hpdmVyAAgAEQAWAB8AKAAyADUAOgA8AEUASwBSAF0AZQBsAG8AcQBzAHYAeAB6AHwAhgCTAJgAoAKUApYCmwKkAq8CswLBAsgC0QMfAyQDJwM0AzkAAAAAAAACAQAAAAAAAAAoAAAAAAAAAAAAAAAAAAADSw==}}

@electronic{6612,
	Author = {Terridian},
	Date-Added = {2010-12-07 21:58:23 -0500},
	Date-Modified = {2010-12-07 21:58:51 -0500},
	Lastchecked = {7 December 2010},
	Title = {6612},
	Url = {http://www.teridian.com/products/energy-automation/energy-measurement/6612.php},
	Bdsk-Url-1 = {http://www.teridian.com/products/energy-automation/energy-measurement/6612.php}}

@electronic{PopSci,
	Date-Added = {2010-12-05 16:38:06 -0500},
	Date-Modified = {2010-12-05 16:38:44 -0500},
	Lastchecked = {5 December 2010},
	Title = {Advertising: PopSci Media Group Sales Information},
	Url = {http://www.popsci.com/advertising},
	Bdsk-Url-1 = {http://www.popsci.com/advertising}}

@misc{GreenMediaKit,
	Author = {Green Magazine},
	Date-Added = {2010-12-05 16:06:21 -0500},
	Date-Modified = {2010-12-05 16:08:28 -0500},
	Howpublished = {Electronic},
	Title = {2010 Green Magazine Media Kit}}

@electronic{SteelBuilding,
	Date-Added = {2010-12-05 16:03:24 -0500},
	Date-Modified = {2010-12-05 17:16:16 -0500},
	Lastchecked = {5 December 2010},
	Title = {Steel Building Prices, Quotes and Estimates},
	Url = {http://www.buildingsguide.com/estimates/building-cost-estimate.php},
	Bdsk-Url-1 = {http://www.buildingsguide.com/estimates/building-cost-estimate.php}}

@electronic{Gigaom_SM_Roll,
	Author = {Katie Fehrenbacher},
	Date-Added = {2010-12-05 10:57:49 -0500},
	Date-Modified = {2010-12-05 10:58:37 -0500},
	Lastchecked = {5 December 2010},
	Title = {Who will win big in the Smart Meter Rollout?},
	Url = {http://gigaom.com/cleantech/who-will-make-good-in-the-smart-meter-rollout/},
	Urldate = {31 March 2009},
	Bdsk-Url-1 = {http://gigaom.com/cleantech/who-will-make-good-in-the-smart-meter-rollout/}}

@electronic{Gtech_Smart_Meters,
	Author = {St. John, Jeff},
	Date-Added = {2010-12-05 10:55:36 -0500},
	Date-Modified = {2010-12-05 10:56:55 -0500},
	Lastchecked = {5 December 2010},
	Title = {8.3M Smart Meters and Counting in U.S.},
	Url = {http://www.greentechmedia.com/articles/read/8.3m-smart-meters-and-counting-in-united-states/},
	Urldate = {17 July 2009},
	Bdsk-Url-1 = {http://www.greentechmedia.com/articles/read/8.3m-smart-meters-and-counting-in-united-states/}}

@electronic{Gtech_Renew,
	Author = {Jennifer Kho},
	Date-Added = {2010-12-05 10:53:30 -0500},
	Date-Modified = {2010-12-05 10:54:31 -0500},
	Lastchecked = {5 December 2010},
	Title = {Renewable Energy Up 5% in U.S.},
	Url = {http://www.greentechmedia.com/articles/read/renewable-energy-up-5-in-us-1471/},
	Urldate = {25 September 2008},
	Bdsk-Url-1 = {http://www.greentechmedia.com/articles/read/renewable-energy-up-5-in-us-1471/}}

@electronic{EIA_Intro,
	Author = {Rebecca Peterson},
	Date-Added = {2010-12-05 10:51:52 -0500},
	Date-Modified = {2010-12-05 10:52:46 -0500},
	Title = {Electric Power Industry Overview 2007: Introduction},
	Url = {http://www.eia.doe.gov/electricity/page/prim2/toc2.html},
	Bdsk-Url-1 = {http://www.eia.doe.gov/electricity/page/prim2/toc2.html}}

@webpage{homedepot,
	Date-Added = {2010-12-04 22:08:33 -0500},
	Date-Modified = {2010-12-04 22:09:03 -0500},
	Title = {The Home Depot},
	Url = {www.homedepot.com},
	Bdsk-Url-1 = {www.homedepot.com}}

@webpage{natpow,
	Date-Added = {2010-12-04 22:00:05 -0500},
	Date-Modified = {2010-12-04 22:06:42 -0500},
	Lastchecked = {23 November 2010},
	Title = {National Power Corporation},
	Url = {www.natpow.com},
	Bdsk-Url-1 = {www.natpow.com}}

@article{VoltSag,
	Author = {McGraw Hill},
	Date-Added = {2010-12-04 21:56:50 -0500},
	Date-Modified = {2010-12-04 21:57:59 -0500},
	Title = {What are Voltage Sags?},
	Bdsk-File-1 = {YnBsaXN0MDDUAQIDBAUIJidUJHRvcFgkb2JqZWN0c1gkdmVyc2lvblkkYXJjaGl2ZXLRBgdUcm9vdIABqAkKFRYXGyIjVSRudWxs0wsMDQ4RFFpOUy5vYmplY3RzV05TLmtleXNWJGNsYXNzog8QgASABqISE4ACgAOAB1lhbGlhc0RhdGFccmVsYXRpdmVQYXRo0hgNGRpXTlMuZGF0YU8RAZIAAAAAAZIAAgAADE1hY2ludG9zaCBIRAAAAAAAAAAAAAAAAAAAAMaD42RIKwAAAALUaQ92b2x0YWdlc2Fncy5wZGYAAAAAAAAAAAAAAAAAAAAAAAAAAAAAAAAAAAAAAAAAAAAAAAAAAAAAAAAAAAAAAAAAgil9ySBpBQAAAAAAAAAA/////wAACSAAAAAAAAAAAAAAAAAAAAAJRG93bmxvYWRzAAAQAAgAAMaEG6QAAAARAAgAAMkgr1UAAAABAAwAAtRpAALUTwAAfHMAAgA8TWFjaW50b3NoIEhEOlVzZXJzOmtlbmRyaWNrd2llcnNtYTpEb3dubG9hZHM6dm9sdGFnZXNhZ3MucGRmAA4AIAAPAHYAbwBsAHQAYQBnAGUAcwBhAGcAcwAuAHAAZABmAA8AGgAMAE0AYQBjAGkAbgB0AG8AcwBoACAASABEABIAL1VzZXJzL2tlbmRyaWNrd2llcnNtYS9Eb3dubG9hZHMvdm9sdGFnZXNhZ3MucGRmAAATAAEvAAAVAAIAFv//AACABdIcHR4fWCRjbGFzc2VzWiRjbGFzc25hbWWjHyAhXU5TTXV0YWJsZURhdGFWTlNEYXRhWE5TT2JqZWN0XxBKLi4vLi4vLi4vLi4vLi4vLi4vLi4vLi4vLi4vVXNlcnMva2VuZHJpY2t3aWVyc21hL0Rvd25sb2Fkcy92b2x0YWdlc2Fncy5wZGbSHB0kJaIlIVxOU0RpY3Rpb25hcnkSAAGGoF8QD05TS2V5ZWRBcmNoaXZlcgAIABEAFgAfACgAMgA1ADoAPABFAEsAUgBdAGUAbABvAHEAcwB2AHgAegB8AIYAkwCYAKACNgI4Aj0CRgJRAlUCYwJqAnMCwALFAsgC1QLaAAAAAAAAAgEAAAAAAAAAKAAAAAAAAAAAAAAAAAAAAuw=}}

@article{Micrel_App5,
	Author = {Brenda Kovacevic},
	Date-Added = {2010-12-04 21:22:19 -0500},
	Date-Modified = {2010-12-04 21:23:03 -0500},
	Title = {Application Note 5: Solid State Circuit Breakers},
	Year = {1997}}

@electronic{SSBlcc,
	Author = {David Johnson},
	Date-Added = {2010-12-04 21:14:44 -0500},
	Date-Modified = {2010-12-04 21:15:32 -0500},
	Lastchecked = {4 December 2010},
	Title = {Optically Isolated Solid State Relay Requires Low Control Current},
	Url = {http://www.imagineeringezine.com/e-zine/ssr.html},
	Bdsk-Url-1 = {http://www.imagineeringezine.com/e-zine/ssr.html}}

@electronic{TRIAC,
	Author = {Integrated Publishing},
	Date-Added = {2010-12-04 21:12:16 -0500},
	Date-Modified = {2010-12-04 21:12:50 -0500},
	Lastchecked = {4 December 2010},
	Title = {TRIAC},
	Url = {http://www.tpub.com/neets/book7/26e.htm},
	Bdsk-Url-1 = {http://www.tpub.com/neets/book7/26e.htm}}

@electronic{GTO,
	Author = {Machine Design},
	Date-Added = {2010-12-04 21:11:26 -0500},
	Date-Modified = {2010-12-04 21:12:00 -0500},
	Title = {Gate Turn-off Switch},
	Url = {http://www.switches.machinedesign.com/guiEdits/Content/bdeee4/bdeee4_20.aspx},
	Bdsk-Url-1 = {http://www.switches.machinedesign.com/guiEdits/Content/bdeee4/bdeee4_20.aspx}}

@electronic{SCR_Controller,
	Author = {Control Concepts},
	Date-Added = {2010-12-04 21:09:46 -0500},
	Date-Modified = {2010-12-04 21:10:18 -0500},
	Lastchecked = {4 December 2010},
	Title = {Description of a SCR Controller},
	Url = {http://www.ccipower.com/support/description.php},
	Bdsk-Url-1 = {http://www.ccipower.com/support/description.php}}

@webpage{SCR,
	Date-Added = {2010-12-04 21:05:44 -0500},
	Date-Modified = {2010-12-04 21:08:13 -0500},
	Lastchecked = {4 December 2010},
	Title = {The Silicon-Controlled Rectifier (SCR)},
	Url = {http://www.allaboutcircuits.com/vol_3/chpt_7/5.html},
	Bdsk-Url-1 = {http://www.allaboutcircuits.com/vol_3/chpt_7/5.html}}

@electronic{DOE-EIA,
	Author = {United State Department of Energy - Energy Information Administration},
	Month = {March},
	Title = {Residential Average Monthly Bill by Census Division, and State 2009},
	Url = {http://www.eia.doe.gov/cneaf/electricity/esr/table5_a.xls},
	Year = {2010},
	Bdsk-Url-1 = {http://www.eia.doe.gov/cneaf/electricity/esr/table5_a.xls}}

@electronic{FCC,
	Author = {FCC},
	Date-Added = {2010-12-04 01:12:59 -0500},
	Date-Modified = {2010-12-04 01:13:50 -0500},
	Lastchecked = {2 December 2010},
	Title = {Title 47: Telecommunication},
	Url = {http://ecfr.gpoaccess.gov/cgi/t/text/text-idx?c=ecfr&sid=72eb0650720fb4c17ca9a1f782cdb360&rgn=div5&view=text&node=47:1.0.1.1.14&idno=47},
	Bdsk-Url-1 = {http://ecfr.gpoaccess.gov/cgi/t/text/text-idx?c=ecfr&sid=72eb0650720fb4c17ca9a1f782cdb360&rgn=div5&view=text&node=47:1.0.1.1.14&idno=47}}

@techreport{ANSIC1221,
	Author = {ANSI},
	Date-Added = {2010-12-04 01:10:04 -0500},
	Date-Modified = {2010-12-04 01:11:33 -0500},
	Institution = {National Electrical Manufacturers Association},
	Month = {May},
	Title = {ANSI C12.21-2006 American National Standard Protocol Specification for Telephone Modem Communication},
	Year = {2006},
	Bdsk-File-1 = {YnBsaXN0MDDUAQIDBAUIJidUJHRvcFgkb2JqZWN0c1gkdmVyc2lvblkkYXJjaGl2ZXLRBgdUcm9vdIABqAkKFRYXGyIjVSRudWxs0wsMDQ4RFFpOUy5vYmplY3RzV05TLmtleXNWJGNsYXNzog8QgASABqISE4ACgAOAB1lhbGlhc0RhdGFccmVsYXRpdmVQYXRo0hgNGRpXTlMuZGF0YU8RAbQAAAAAAbQAAgAADE1hY2ludG9zaCBIRAAAAAAAAAAAAAAAAAAAAMaD42RIKwAAAHro7hRBTlNJLUMxMi4yMS0yMDA2LnBkZgAAAAAAAAAAAAAAAAAAAAAAAAAAAAAAAAAAAAAAAAAAAAAAAAAAAAAAAAAAghHsyR9FjAAAAAAAAAAAAAMAAwAACSAAAAAAAAAAAAAAAAAAAAAGUGFwZXJzABAACAAAxoQbpAAAABEACAAAyR+L3AAAAAEAEAB66O4AAtRmAALUTwAAfHMAAgBITWFjaW50b3NoIEhEOlVzZXJzOmtlbmRyaWNrd2llcnNtYTpEb2N1bWVudHM6UGFwZXJzOkFOU0ktQzEyLjIxLTIwMDYucGRmAA4AKgAUAEEATgBTAEkALQBDADEAMgAuADIAMQAtADIAMAAwADYALgBwAGQAZgAPABoADABNAGEAYwBpAG4AdABvAHMAaAAgAEgARAASADtVc2Vycy9rZW5kcmlja3dpZXJzbWEvRG9jdW1lbnRzL1BhcGVycy9BTlNJLUMxMi4yMS0yMDA2LnBkZgAAEwABLwAAFQACABb//wAAgAXSHB0eH1gkY2xhc3Nlc1okY2xhc3NuYW1lox8gIV1OU011dGFibGVEYXRhVk5TRGF0YVhOU09iamVjdF8QLi4uLy4uLy4uL0RvY3VtZW50cy9QYXBlcnMvQU5TSS1DMTIuMjEtMjAwNi5wZGbSHB0kJaIlIVxOU0RpY3Rpb25hcnkSAAGGoF8QD05TS2V5ZWRBcmNoaXZlcgAIABEAFgAfACgAMgA1ADoAPABFAEsAUgBdAGUAbABvAHEAcwB2AHgAegB8AIYAkwCYAKACWAJaAl8CaAJzAncChQKMApUCxgLLAs4C2wLgAAAAAAAAAgEAAAAAAAAAKAAAAAAAAAAAAAAAAAAAAvI=}}

@techreport{ANSIC1219,
	Author = {ANSI},
	Date-Added = {2010-12-04 01:06:40 -0500},
	Date-Modified = {2010-12-04 01:09:13 -0500},
	Institution = {National Electrical Manufacturers Association},
	Month = {February},
	Title = {American National Standard For Utility Industry End Device Data Tables},
	Year = {2009},
	Bdsk-File-1 = {YnBsaXN0MDDUAQIDBAUIJidUJHRvcFgkb2JqZWN0c1gkdmVyc2lvblkkYXJjaGl2ZXLRBgdUcm9vdIABqAkKFRYXGyIjVSRudWxs0wsMDQ4RFFpOUy5vYmplY3RzV05TLmtleXNWJGNsYXNzog8QgASABqISE4ACgAOAB1lhbGlhc0RhdGFccmVsYXRpdmVQYXRo0hgNGRpXTlMuZGF0YU8RAd4AAAAAAd4AAgAADE1hY2ludG9zaCBIRAAAAAAAAAAAAAAAAAAAAMaD42RIKwAAAHu0wx9BTlNJLUMxMjE5LTIwMDhfY29udCM4MjExNUMucGRmAAAAAAAAAAAAAAAAAAAAAAAAAAAAAAAAAAAAAAAAAAAAghFcyR9EywAAAAAAAAAA/////wAACSAAAAAAAAAAAAAAAAAAAAAGLlRyYXNoABAACAAAxoQbpAAAABEACAAAyR+LGwAAAAEADAB7tMMAAtRPAAB8cwACAElNYWNpbnRvc2ggSEQ6VXNlcnM6a2VuZHJpY2t3aWVyc21hOi5UcmFzaDpBTlNJLUMxMjE5LTIwMDhfY29udCM4MjExNUMucGRmAAAOAE4AJgBBAE4AUwBJAC0AQwAxADIAMQA5AC0AMgAwADAAOABfAGMAbwBuAHQAZQBuAHQAcwAgAGEAbgBkACAAcwBjAG8AcABlAC4AcABkAGYADwAaAAwATQBhAGMAaQBuAHQAbwBzAGgAIABIAEQAEgBDVXNlcnMva2VuZHJpY2t3aWVyc21hLy5UcmFzaC9BTlNJLUMxMjE5LTIwMDhfY29udGVudHMgYW5kIHNjb3BlLnBkZgAAEwABLwAAFQACABb//wAAgAXSHB0eH1gkY2xhc3Nlc1okY2xhc3NuYW1lox8gIV1OU011dGFibGVEYXRhVk5TRGF0YVhOU09iamVjdF8QXi4uLy4uLy4uLy4uLy4uLy4uLy4uLy4uLy4uL1VzZXJzL2tlbmRyaWNrd2llcnNtYS8uVHJhc2gvQU5TSS1DMTIxOS0yMDA4X2NvbnRlbnRzIGFuZCBzY29wZS5wZGbSHB0kJaIlIVxOU0RpY3Rpb25hcnkSAAGGoF8QD05TS2V5ZWRBcmNoaXZlcgAIABEAFgAfACgAMgA1ADoAPABFAEsAUgBdAGUAbABvAHEAcwB2AHgAegB8AIYAkwCYAKACggKEAokCkgKdAqECrwK2Ar8DIAMlAygDNQM6AAAAAAAAAgEAAAAAAAAAKAAAAAAAAAAAAAAAAAAAA0w=}}

@website{Akiba,
	Author = {Akiba},
	Month = {June},
	Title = {Zigbee, Linux, and the {GPL}},
	Url = {http://freaklabs.org/index.php/Blog/Zigbee/Zigbee-Linux-and-the-GPL.html},
	Year = {2009},
	Bdsk-Url-1 = {http://freaklabs.org/index.php/Blog/Zigbee/Zigbee-Linux-and-the-GPL.html}}

@electronic{GPLv3,
	Author = {Free Software Foundation},
	Month = {June},
	Title = {The GNU General Public License Version 3.0},
	Url = {http://www.gnu.org/copyleft/gpl.html},
	Year = {2007},
	Bdsk-Url-1 = {http://www.gnu.org/copyleft/gpl.html}}

@article{OgdenFire,
	Author = {David J. Owens},
	Date-Added = {2010-11-30 22:14:22 -0500},
	Date-Modified = {2010-11-30 22:15:22 -0500},
	Journal = {Ogden City Fire Department},
	Month = {February},
	Title = {Is Establishing a Carbon Monoxide Detector Ordinance Right for the Citizens of Ogden City?},
	Year = {2004}}

@article{NIOSH,
	Author = {Kathleen M Kowalski-Trakofler and Chartles Vaught and Ted Scharf},
	Date-Added = {2010-11-30 22:11:54 -0500},
	Date-Modified = {2010-11-30 22:13:45 -0500},
	Journal = {Nation Institute for Occupational Safety and Health},
	Title = {Judgement and decision making under stress: an overview for emergency managers}}

@webpage{ThinkingStress,
	Date-Added = {2010-11-30 22:10:36 -0500},
	Date-Modified = {2010-11-30 22:11:00 -0500},
	Lastchecked = {30 November 2010},
	Title = {Thinking and decision making under stress},
	Url = {Thinking and decision making under stress},
	Bdsk-Url-1 = {Thinking%20and%20decision%20making%20under%20stress}}

@webpage{Findchips,
	Date-Added = {2010-11-30 22:08:18 -0500},
	Date-Modified = {2010-11-30 22:08:34 -0500},
	Lastchecked = {30 November 2010},
	Url = {www.findchips.com},
	Bdsk-Url-1 = {www.findchips.com}}

@electronic{Network119,
	Author = {Robert J. Kohlhepp},
	Date-Added = {2010-11-30 22:05:54 -0500},
	Date-Modified = {2010-11-30 22:07:33 -0500},
	Lastchecked = {30 November 2010},
	Title = {The 10 Most Important Products of the Decade Number 5: Kalpana EtherSwitch},
	Url = {http://www.networkcomputing.com/1119/1119f1products_5.html},
	Bdsk-Url-1 = {http://www.networkcomputing.com/1119/1119f1products_5.html}}

@webpage{Digikey,
	Date-Added = {2010-11-30 22:04:10 -0500},
	Date-Modified = {2010-12-05 19:31:37 -0500},
	Lastchecked = {30 November 2010},
	Title = {Digikey},
	Url = {www.digikey.com},
	Bdsk-Url-1 = {www.digikey.com}}

@webpage{Mouser,
	Date-Added = {2010-11-30 21:58:15 -0500},
	Date-Modified = {2010-11-30 21:58:31 -0500},
	Lastchecked = {30 November 2010},
	Url = {www.mouser.com},
	Bdsk-Url-1 = {www.mouser.com}}

@webpage{CS5463_Mouser,
	Date-Added = {2010-11-30 21:54:03 -0500},
	Date-Modified = {2010-11-30 21:56:01 -0500},
	Title = {Cirrus Logic CS5463 / CS5464 Power / Energy ICs},
	Url = {http://www.mouser.com/search/refine.aspx?Msid=67410000&Mkw=CS5463-ISZ},
	Bdsk-Url-1 = {http://www.mouser.com/search/refine.aspx?Msid=67410000&Mkw=CS5463-ISZ}}

@electronic{CS5463_Price,
	Author = {Cirrus Logic},
	Date-Added = {2010-11-30 08:16:02 -0500},
	Date-Modified = {2010-11-30 08:17:01 -0500},
	Lastchecked = {30 November 2010},
	Title = {CS5463: Single-Phase Bi-Directional Power/Energy IC},
	Url = {www.cirrus.com/en/products/cs5463.html},
	Bdsk-Url-1 = {www.cirrus.com/en/products/cs5463.html}}

@electronic{ADE7763_Price_Table,
	Author = {Analog Devices},
	Date-Added = {2010-11-30 08:13:24 -0500},
	Date-Modified = {2010-11-30 08:14:49 -0500},
	Lastchecked = {29 November 2010},
	Title = {ADE7763: Single-Phase Active and Apparent Energy Metering IC},
	Url = {http://www.analog.com/en/analog-to-digital-converters/energy-measurement/ade7763/products/product.html#ppa_print_table},
	Bdsk-Url-1 = {http://www.analog.com/en/analog-to-digital-converters/energy-measurement/ade7763/products/product.html#ppa_print_table}}

@unpublished{About_P3,
	Author = {P3 International},
	Date-Added = {2010-11-21 21:07:55 -0500},
	Date-Modified = {2010-11-21 21:08:29 -0500},
	Lastchecked = {21 November 2010},
	Title = {About P3},
	Url = {http://www.p3international.com/about.html},
	Year = {2008},
	Bdsk-Url-1 = {http://www.p3international.com/about.html}}

@electronic{NALM,
	Author = {George W. Hart},
	Date-Added = {2010-11-21 20:43:13 -0500},
	Date-Modified = {2010-11-21 20:44:46 -0500},
	Lastchecked = {21 November 2010},
	Title = {Nonintrusive Appliance Load Monitoring},
	Url = {http://www.georgehart.com/research/nalm.html},
	Year = {1992},
	Bdsk-Url-1 = {http://www.georgehart.com/research/nalm.html}}

@patent{NILM,
	Assignee = {Massachusetts Institute of Technology, Electric Power Research Institute Inc.},
	Author = {George W. Hart and Kern, Jr., Edward C. and Fred C Schweppe},
	Date-Modified = {2010-11-21 21:00:52 -0500},
	Day = {15},
	Dayfiled = {14},
	Language = {English},
	Month = {August},
	Monthfiled = {April},
	Nationality = {United States},
	Number = {4858141},
	Title = {Non-Intrusive Appliance Monitor Apparatus},
	Year = {1989},
	Yearfiled = {1986}}

@webpage{SmartWattBrochure,
	Author = {SmartWorks},
	Date-Added = {2010-11-21 20:16:22 -0500},
	Date-Modified = {2010-11-21 20:17:41 -0500},
	Lastchecked = {21 November 2010},
	Title = {Inline High-Resolution Watt-Hour Meter},
	Url = {http://www.smart-works.com/pdf/SmartWattBrochureInline.pdf},
	Year = {2010},
	Bdsk-Url-1 = {http://www.smart-works.com/pdf/SmartWattBrochureInline.pdf}}

@webpage{WattsUpDatasheet,
	Date-Added = {2010-11-21 15:12:41 -0500},
	Date-Modified = {2010-11-21 15:13:09 -0500},
	Lastchecked = {21 November 2010},
	Title = {Smart Circuit 20},
	Url = {https://www.wattsupmeters.com/secure/products.php?pn=20&wai=256&more=2},
	Year = {2010},
	Bdsk-Url-1 = {https://www.wattsupmeters.com/secure/products.php?pn=20&wai=256&more=2}}

@webpage{WattsAbout,
	Date-Added = {2010-11-21 15:10:29 -0500},
	Date-Modified = {2010-11-21 15:11:05 -0500},
	Lastchecked = {21 November 2010},
	Title = {About Watts Up?},
	Url = {https://www.wattsupmeters.com/secure/about.php},
	Year = {2010},
	Bdsk-Url-1 = {https://www.wattsupmeters.com/secure/about.php}}

@webpage{WattsUpServices,
	Date-Added = {2010-11-21 15:09:49 -0500},
	Date-Modified = {2010-11-21 15:11:32 -0500},
	Lastchecked = {21 November 2010},
	Title = {Watts Up? Services Overview},
	Url = {https://www.wattsupmeters.com/secure/products.php?pn=2},
	Year = {2010},
	Bdsk-Url-1 = {https://www.wattsupmeters.com/secure/products.php?pn=2}}

@webpage{TED1000Store,
	Date-Added = {2010-11-20 23:14:56 -0500},
	Date-Modified = {2010-11-20 23:15:30 -0500},
	Lastchecked = {20 November 2010},
	Title = {TED1000 Store},
	Url = {http://www.theenergydetective.com/store/ted-1000},
	Year = {2010},
	Bdsk-Url-1 = {http://www.theenergydetective.com/store/ted-1000}}

@url{TED5000Store,
	Date-Added = {2010-11-20 23:12:36 -0500},
	Date-Modified = {2010-11-20 23:13:04 -0500},
	Lastchecked = {20 November 2010},
	Title = {TED 5000 Store},
	Url = {http://www.theenergydetective.com/store/ted-5000?limit=25},
	Year = {2010},
	Bdsk-Url-1 = {http://www.theenergydetective.com/store/ted-5000?limit=25}}

@url{TED5000,
	Date-Added = {2010-11-20 23:09:10 -0500},
	Date-Modified = {2010-11-20 23:09:32 -0500},
	Lastchecked = {20 November 2010},
	Title = {TED 5000 Features},
	Url = {http://www.theenergydetective.com/ted-5000/features},
	Year = {2010},
	Bdsk-Url-1 = {http://www.theenergydetective.com/ted-5000/features}}

@webpage{TED1000,
	Date-Added = {2010-11-20 22:57:45 -0500},
	Date-Modified = {2010-11-20 22:58:36 -0500},
	Lastchecked = {20 November 2010},
	Title = {TED 1000 Features},
	Url = {http://www.theenergydetective.com/ted-1000/features},
	Year = {2010},
	Bdsk-Url-1 = {http://www.theenergydetective.com/ted-1000/features}}

@webpage{Clipsal_CentAMeter,
	Author = {Clipsal},
	Date-Added = {2010-11-20 21:53:29 -0500},
	Date-Modified = {2010-11-21 15:21:53 -0500},
	Lastchecked = {20 November 2010},
	Title = {Cent-A-Meter Sales},
	Url = {http://www.clipsal.com/homeowner/products/smart_home_technology/cent-a-meter},
	Year = {2010},
	Bdsk-Url-1 = {http://www.clipsal.com/homeowner/products/smart_home_technology/cent-a-meter}}

@misc{P4320_Datasheet,
	Author = {P3 International},
	Date-Added = {2010-11-20 21:38:07 -0500},
	Date-Modified = {2010-11-20 21:39:13 -0500},
	Howpublished = {Electronic Data Sheet},
	Title = {Kill A Watt PS Electricity Usage Monitoring Power Strip},
	Year = {2007},
	Bdsk-File-1 = {YnBsaXN0MDDUAQIDBAUIJidUJHRvcFgkb2JqZWN0c1gkdmVyc2lvblkkYXJjaGl2ZXLRBgdUcm9vdIABqAkKFRYXGyIjVSRudWxs0wsMDQ4RFFpOUy5vYmplY3RzV05TLmtleXNWJGNsYXNzog8QgASABqISE4ACgAOAB1lhbGlhc0RhdGFccmVsYXRpdmVQYXRo0hgNGRpXTlMuZGF0YU8RAXoAAAAAAXoAAgAADE1hY2ludG9zaCBIRAAAAAAAAAAAAAAAAAAAAMaD42RIKwAAAALUaQlQNDMyMC5wZGYAAAAAAAAAAAAAAAAAAAAAAAAAAAAAAAAAAAAAAAAAAAAAAAAAAAAAAAAAAAAAAAAAAAAAAAAAgNoJyQ3wVgAAAAAAAAAA/////wAACSAAAAAAAAAAAAAAAAAAAAAJRG93bmxvYWRzAAAQAAgAAMaEG6QAAAARAAgAAMkONqYAAAABAAwAAtRpAALUTwAAfHMAAgA2TWFjaW50b3NoIEhEOlVzZXJzOmtlbmRyaWNrd2llcnNtYTpEb3dubG9hZHM6UDQzMjAucGRmAA4AFAAJAFAANAAzADIAMAAuAHAAZABmAA8AGgAMAE0AYQBjAGkAbgB0AG8AcwBoACAASABEABIAKVVzZXJzL2tlbmRyaWNrd2llcnNtYS9Eb3dubG9hZHMvUDQzMjAucGRmAAATAAEvAAAVAAIAFv//AACABdIcHR4fWCRjbGFzc2VzWiRjbGFzc25hbWWjHyAhXU5TTXV0YWJsZURhdGFWTlNEYXRhWE5TT2JqZWN0XxBELi4vLi4vLi4vLi4vLi4vLi4vLi4vLi4vLi4vVXNlcnMva2VuZHJpY2t3aWVyc21hL0Rvd25sb2Fkcy9QNDMyMC5wZGbSHB0kJaIlIVxOU0RpY3Rpb25hcnkSAAGGoF8QD05TS2V5ZWRBcmNoaXZlcgAIABEAFgAfACgAMgA1ADoAPABFAEsAUgBdAGUAbABvAHEAcwB2AHgAegB8AIYAkwCYAKACHgIgAiUCLgI5Aj0CSwJSAlsCogKnAqoCtwK8AAAAAAAAAgEAAAAAAAAAKAAAAAAAAAAAAAAAAAAAAs4=}}

@misc{P4400_Datasheet,
	Author = {P3 International},
	Date-Added = {2010-11-20 21:37:30 -0500},
	Date-Modified = {2010-11-20 21:38:02 -0500},
	Howpublished = {Electronic Data Sheet},
	Title = {Kill A Watt Electricity Usage Monitor},
	Year = {2007},
	Bdsk-File-1 = {YnBsaXN0MDDUAQIDBAUIJidUJHRvcFgkb2JqZWN0c1gkdmVyc2lvblkkYXJjaGl2ZXLRBgdUcm9vdIABqAkKFRYXGyIjVSRudWxs0wsMDQ4RFFpOUy5vYmplY3RzV05TLmtleXNWJGNsYXNzog8QgASABqISE4ACgAOAB1lhbGlhc0RhdGFccmVsYXRpdmVQYXRo0hgNGRpXTlMuZGF0YU8RAYgAAAAAAYgAAgAADE1hY2ludG9zaCBIRAAAAAAAAAAAAAAAAAAAAMaD42RIKwAAAHro7glQNDQwMC5wZGYAAAAAAAAAAAAAAAAAAAAAAAAAAAAAAAAAAAAAAAAAAAAAAAAAAAAAAAAAAAAAAAAAAAAAAAAAgNluyQ3qNAAAAAAAAAAAAAMAAwAACSAAAAAAAAAAAAAAAAAAAAAGUGFwZXJzABAACAAAxoQbpAAAABEACAAAyQ4whAAAAAEAEAB66O4AAtRmAALUTwAAfHMAAgA9TWFjaW50b3NoIEhEOlVzZXJzOmtlbmRyaWNrd2llcnNtYTpEb2N1bWVudHM6UGFwZXJzOlA0NDAwLnBkZgAADgAUAAkAUAA0ADQAMAAwAC4AcABkAGYADwAaAAwATQBhAGMAaQBuAHQAbwBzAGgAIABIAEQAEgAwVXNlcnMva2VuZHJpY2t3aWVyc21hL0RvY3VtZW50cy9QYXBlcnMvUDQ0MDAucGRmABMAAS8AABUAAgAW//8AAIAF0hwdHh9YJGNsYXNzZXNaJGNsYXNzbmFtZaMfICFdTlNNdXRhYmxlRGF0YVZOU0RhdGFYTlNPYmplY3RfECMuLi8uLi8uLi9Eb2N1bWVudHMvUGFwZXJzL1A0NDAwLnBkZtIcHSQloiUhXE5TRGljdGlvbmFyeRIAAYagXxAPTlNLZXllZEFyY2hpdmVyAAgAEQAWAB8AKAAyADUAOgA8AEUASwBSAF0AZQBsAG8AcQBzAHYAeAB6AHwAhgCTAJgAoAIsAi4CMwI8AkcCSwJZAmACaQKPApQClwKkAqkAAAAAAAACAQAAAAAAAAAoAAAAAAAAAAAAAAAAAAACuw==}}

@misc{P4460_Datasheet,
	Author = {P3 International},
	Date-Added = {2010-11-20 21:36:31 -0500},
	Date-Modified = {2010-11-20 21:37:26 -0500},
	Howpublished = {Electronic Data Sheet},
	Title = {Kill A Watt EZ},
	Year = {2007},
	Bdsk-File-1 = {YnBsaXN0MDDUAQIDBAUIJidUJHRvcFgkb2JqZWN0c1gkdmVyc2lvblkkYXJjaGl2ZXLRBgdUcm9vdIABqAkKFRYXGyIjVSRudWxs0wsMDQ4RFFpOUy5vYmplY3RzV05TLmtleXNWJGNsYXNzog8QgASABqISE4ACgAOAB1lhbGlhc0RhdGFccmVsYXRpdmVQYXRo0hgNGRpXTlMuZGF0YU8RAXoAAAAAAXoAAgAADE1hY2ludG9zaCBIRAAAAAAAAAAAAAAAAAAAAMaD42RIKwAAAALUaQlQNDQ2MC5wZGYAAAAAAAAAAAAAAAAAAAAAAAAAAAAAAAAAAAAAAAAAAAAAAAAAAAAAAAAAAAAAAAAAAAAAAAAAgNmdyQ3qhwAAAAAAAAAA/////wAACSAAAAAAAAAAAAAAAAAAAAAJRG93bmxvYWRzAAAQAAgAAMaEG6QAAAARAAgAAMkOMNcAAAABAAwAAtRpAALUTwAAfHMAAgA2TWFjaW50b3NoIEhEOlVzZXJzOmtlbmRyaWNrd2llcnNtYTpEb3dubG9hZHM6UDQ0NjAucGRmAA4AFAAJAFAANAA0ADYAMAAuAHAAZABmAA8AGgAMAE0AYQBjAGkAbgB0AG8AcwBoACAASABEABIAKVVzZXJzL2tlbmRyaWNrd2llcnNtYS9Eb3dubG9hZHMvUDQ0NjAucGRmAAATAAEvAAAVAAIAFv//AACABdIcHR4fWCRjbGFzc2VzWiRjbGFzc25hbWWjHyAhXU5TTXV0YWJsZURhdGFWTlNEYXRhWE5TT2JqZWN0XxBELi4vLi4vLi4vLi4vLi4vLi4vLi4vLi4vLi4vVXNlcnMva2VuZHJpY2t3aWVyc21hL0Rvd25sb2Fkcy9QNDQ2MC5wZGbSHB0kJaIlIVxOU0RpY3Rpb25hcnkSAAGGoF8QD05TS2V5ZWRBcmNoaXZlcgAIABEAFgAfACgAMgA1ADoAPABFAEsAUgBdAGUAbABvAHEAcwB2AHgAegB8AIYAkwCYAKACHgIgAiUCLgI5Aj0CSwJSAlsCogKnAqoCtwK8AAAAAAAAAgEAAAAAAAAAKAAAAAAAAAAAAAAAAAAAAs4=}}

@misc{ADE7763,
	Date-Added = {2010-11-20 16:00:21 -0500},
	Date-Modified = {2010-11-20 16:01:27 -0500},
	Howpublished = {Electronic Data Sheet},
	Title = {Analog Devices Single-Phase Active and Apparent Energy Metering IC ADE7763},
	Year = {2004}}

@misc{AN564,
	Author = {Stephen English and Dave Smith},
	Date-Added = {2010-11-20 15:39:55 -0500},
	Date-Modified = {2010-11-20 15:41:39 -0500},
	Howpublished = {Electronic},
	Title = {A Power Meter Reference Design Based on ADE7756},
	Year = {2001}}

@misc{F471xx_presentation,
	Author = {Jennifer Barry},
	Date-Added = {2010-11-17 23:35:55 -0500},
	Date-Modified = {2010-11-17 23:36:22 -0500},
	Howpublished = {Presentation},
	Title = {MSP430F471xx MCUs offer high accuracy, simultaneous sampling and anti-tamper for three-phase e-metering applications}}

@misc{slaa409,
	Author = {Stephen Underwood and Vincent Chan and Kripasagar Venkat},
	Date-Added = {2010-11-17 22:24:51 -0500},
	Date-Modified = {2010-11-17 22:26:47 -0500},
	Howpublished = {Application Report},
	Month = {June},
	Title = {Implementation of a Three-Phase Electronic Watt-Hour Meter Using the MSP430F471xx},
	Year = {2009}}

@electronic{XBee_Datasheet,
	Author = {Digi International},
	Date-Added = {2010-12-02 10:09:20 -0500},
	Date-Modified = {2010-12-02 10:12:56 -0500},
	Lastchecked = {02 December 2010},
	Title = {XBee Multipoint RF Modules},
	Url = {http://www.digi.com/register/index.jsp?mu=/pdf/ds_xbeezbmodules.pdf},
	Year = {2008},
	Bdsk-Url-1 = {http://www.digi.com/register/index.jsp?mu=/pdf/ds_xbeezbmodules.pdf}}

@electronic{SmartGridNews,
	Author = {Erich W. Gunther},
	Date-Added = {2010-11-14 14:47:20 -0500},
	Date-Modified = {2010-11-21 15:22:26 -0500},
	Lastchecked = {14 November 2010},
	Month = {November},
	Title = {Home Energy Management: TED 5000 Provides Real Consumer Value -- But Scores Low on Standards-Based Interoperability},
	Url = {http://www.smartgridnews.com/artman/publish/Technologies_Home_Area_Networks_Reviews/Home-Energy-Management-TED5000-Provides-Real-Consumer-Value-But-Scores-Low-on-Standards-Based-Interoperability-2636.html},
	Year = {2010},
	Bdsk-Url-1 = {http://www.smartgridnews.com/artman/publish/Technologies_Home_Area_Networks_Reviews/Home-Energy-Management-TED5000-Provides-Real-Consumer-Value-But-Scores-Low-on-Standards-Based-Interoperability-2636.html}}

@electronic{SmartHomeUSA,
	Date-Added = {2010-11-14 14:42:27 -0500},
	Date-Modified = {2010-11-21 15:24:16 -0500},
	Lastchecked = {14 November 2010},
	Month = {November},
	Title = {SmartHomeUSA Webshop},
	Url = {http://www.smarthomeusa.com/ShopByManufacturer/eco-response/Item/CM113A/specifications/},
	Year = {2010},
	Bdsk-Url-1 = {http://www.smarthomeusa.com/ShopByManufacturer/eco-response/Item/CM113A/specifications/}}

@misc{Economic_Predictions,
	Author = {Nariman Behravesh},
	Date-Added = {2010-11-13 21:29:26 -0500},
	Date-Modified = {2010-11-13 21:31:40 -0500},
	Howpublished = {Electronic},
	Title = {Top 10 Economonic Predictions for 2010},
	Year = {2010}}

@misc{Nielsen_Cost_Est,
	Author = {Ned Nielsen},
	Date-Added = {2010-11-13 21:24:13 -0500},
	Date-Modified = {2010-11-13 21:27:42 -0500},
	Howpublished = {Lecture},
	Month = {November},
	Title = {Cost Estimating and Pricing},
	Year = {2010}}

@webpage{UL_Web,
	Author = {Underwriters Laboratories},
	Date-Modified = {2010-11-21 15:21:20 -0500},
	Lastchecked = {21 November 2010},
	Title = {About UL},
	Url = {http://www.ul.com/global/eng/pages/corporate/aboutul/?set-cookie=true},
	Year = {2010},
	Bdsk-Url-1 = {http://www.ul.com/global/eng/pages/corporate/aboutul/?set-cookie=true}}
